@Article{Olah15,
  author = {Christopher Olah},
  title = {Understanding LSTM Networks},
  journal = {Blog post},
  year = {2015},
  url = {https://colah.github.io/posts/2015-08-Understanding-LSTMs/},
}

@Article{Jabreel,
author = {Jabreel, Mohammed and Moreno, Antonio},
year = {2019},
month = {03},
pages = {1123},
title = {A Deep Learning-Based Approach for Multi-Label Emotion Classification in Tweets},
volume = {9},
journal = {Applied Sciences},
doi = {10.3390/app9061123}
}
@Article{Doshi,
    author = {Doshi, Ketan} ,
    title = {Foundations of NLP Explained â€” Bleu Score and WER Metrics},
    journal = {Blog post} ,
    year = {2021},
    url = {https://towardsdatascience.com/foundations-of-nlp-explained-bleu-score-and-wer-metrics-1a5ba06d812b},
}

@misc{manythings.org,
    title        = {Bilingual Sentence Pairs},
    author       = {ManyThings.org},
    howpublished = {\url{https://www.manythings.org/bilingual/}}
}
 
